<record><leader>00000cas a2200000 a 4500</leader><controlfield tag="001">35288814</controlfield><controlfield tag="008">960822d18811881cauwr ne      0    0eng c</controlfield><datafield ind1=" " ind2=" " tag="010"><subfield code="a">sn 96061101 </subfield></datafield><datafield ind1=" " ind2=" " tag="040"><subfield code="a">CNK</subfield><subfield code="b">eng</subfield><subfield code="c">CNK</subfield><subfield code="d">OCLCQ</subfield><subfield code="d">CNK</subfield><subfield code="d">OCLCO</subfield><subfield code="d">OCLCQ</subfield><subfield code="d">OCLCF</subfield></datafield><datafield ind1="1" ind2=" " tag="029"><subfield code="a">AU@</subfield><subfield code="b">000012845080</subfield></datafield><datafield ind1=" " ind2=" " tag="042"><subfield code="a">pcc</subfield></datafield><datafield ind1=" " ind2=" " tag="043"><subfield code="a">n-us-ca</subfield></datafield><datafield ind1="0" ind2="0" tag="245"><subfield code="a">Democratic weekly dispatch and Mendocino Democrat.</subfield></datafield><datafield ind1=" " ind2=" " tag="260"><subfield code="a">Ukiah City Mendocino County, Cal. :</subfield><subfield code="b">Peabody &amp; Sefton</subfield></datafield><datafield ind1=" " ind2=" " tag="300"><subfield code="a">v.</subfield></datafield><datafield ind1=" " ind2=" " tag="310"><subfield code="a">Weekly</subfield></datafield><datafield ind1="0" ind2=" " tag="362"><subfield code="a">Vol. 12, no. 25 (Apr. 1, 1881)- = v. 17, no. 9-</subfield></datafield><datafield ind1="1" ind2=" " tag="362"><subfield code="a">Ceased in Oct. 1881.</subfield></datafield><datafield ind1=" " ind2=" " tag="530"><subfield code="a">Master negatives are available for duplication from:</subfield><subfield code="b">California Newspaper Microfilm Archive;</subfield><subfield code="c">for further information consult the CNMA at:</subfield><subfield code="u">http://cbsr.ucr.edu</subfield></datafield><datafield ind1=" " ind2="0" tag="651"><subfield code="a">Mendocino County (Calif.)</subfield><subfield code="v">Newspapers.</subfield></datafield><datafield ind1=" " ind2="7" tag="655"><subfield code="a">Newspapers.</subfield><subfield code="2">fast</subfield><subfield code="0">(OCoLC)fst01423814</subfield></datafield><datafield ind1=" " ind2="7" tag="651"><subfield code="a">California</subfield><subfield code="z">Mendocino County.</subfield><subfield code="2">fast</subfield><subfield code="0">(OCoLC)fst01215516</subfield></datafield><datafield ind1=" " ind2=" " tag="752"><subfield code="a">United States</subfield><subfield code="b">California</subfield><subfield code="c">Mendocino</subfield><subfield code="d">Ukiah.</subfield></datafield><datafield ind1="0" ind2="4" tag="780"><subfield code="t">Democratic weekly dispatch</subfield><subfield code="w">(DLC)sn 85025155</subfield></datafield><datafield ind1="0" ind2="4" tag="780"><subfield code="t">Mendocino Democrat</subfield><subfield code="w">(DLC)sn 85025154</subfield></datafield><datafield ind1="0" ind2="0" tag="785"><subfield code="t">Mendocino dispatch Democrat</subfield><subfield code="w">(DLC)sn 86063251</subfield></datafield></record>